@article{Fraenkel:197909:article,
 doi = {10.1016/0166-218X(79)90012-X},
 author = {Fraenkel, A. S. and Yesha, Y.},
 title = {{Complexity of problems in games, graphs and algebraic equations}},
 journal = {{Discrete Applied Mathematics}},
 year = 1979,
 month = sep,
 volume = 1,
 number = 1,
 pages = {15--30},
}

@article{Shor:199710:article,
 doi = {10.1137/S0097539795293172},
 author = {Shor, P. W.},
 title = {{Polynomial-Time Algorithms for Prime Factorization and Discrete
     Logarithms on a Quantum Computer}},
 journal = {{SIAM Journal on Computing}},
 year = 1997,
 month = oct,
 volume = 26,
 number = 5,
 pages = {1484--1509},
}

@book{Goldreich:2004:book,
 isbn = 0521830842,
 author = {Goldreich, O.},
 title = {{Foundations of Cryptography: Volume 2, Basic Applications}},
 year = 2004,
 edition = {1st},
 publisher = {Cambridge University Press},
}

@article{Ding:200604:article,
 doi = {10.1007/s10207-006-0003-9},
 author = {Ding, J. and Schmidt, D. and Yin, Z.},
 title = {{Cryptanalysis of the new TTS scheme in CHES 2004}},
 journal = {{International Journal of Information Security}},
 year = 2006,
 month = apr,
 volume = 5,
 number = 4,
 pages = {231--240},
}

@inproceedings{Yang:200604:inproc,
 doi = {10.1007/11734666\_7},
 author = {Yang, B.-Y. and Cheng, C.-M. and Chen, B.-R. and Chen, J.-M.},
 title = {{Implementing Minimized Multivariate PKC on Low-Resource Embedded Systems}},
 year = 2006,
 month = apr,
 booktitle = {{Security in Pervasive Computing}},
 editor = {Clark, J. A. and Paige, R. F. and Polack, F. A. C. and Brooke, P. J.},
 pages = {73--88},
 location = {York, UK},
 series = {Lecture Notes in Computer Science},
 volume = 3934,
}

@inproceedings{Tang:201111:inproc,
 doi = {10.1007/978-3-642-25405-5\_15},
 author = {Tang, S. and Yi, H. and Ding, J. and Chen, H. and Chen, G.},
 title = {{High-Speed Hardware Implementation of Rainbow Signature on FPGAs}},
 year = 2011,
 month = nov,
 booktitle = {{Post-Quantum Cryptography}},
 editor = {Yang, B.-Y.},
 pages = {228--243},
 location = {Taipei, Taiwan},
 series = {Lecture Notes in Computer Science},
 volume = 7071,
}

@inproceedings{Bettale:201207:inproc,
 doi = {10.1145/2442829.2442843},
 author = {Bettale, L. and Faug√®re, J.-C. and Perret, L.},
 title = {{Solving Polynomial Systems over Finite Fields: Improved Analysis of
     the Hybrid Approach}},
 year = 2012,
 month = jul,
 booktitle = {{Proceedings of the 37th International Symposium on Symbolic and
     Algebraic Computation}},
 pages = {67--74},
 location = {Grenoble, France},
}

@inproceedings{Petzoldt:201306:inproc,
 doi = {10.1007/978-3-642-38616-9\_13},
 author = {Petzoldt, A. and Bulygin, S. and Buchmann, J.},
 title = {{Fast Verification for Improved Versions of the UOV and Rainbow
     Signature Schemes}},
 year = 2013,
 month = jun,
 booktitle = {{Post-Quantum Cryptography}},
 editor = {Gaborit, P.},
 pages = {188--202},
 location = {Limoges, France},
 series = {Lecture Notes in Computer Science},
 volume = 7932,
}

@book{Gathen:book:2015,
 isbn = 3662484234,
 author = {von zur Gathen, J.},
 title = {{CryptoSchool}},
 year = 2015,
 edition = {1st},
 publisher = {Springer},
}

@article{Yi:201607:article,
 doi = {10.1093/comjnl/bxw008},
 author = {Yi, H. and Tang, S.},
 title = {{Very Small FPGA Processor for Multivariate Signatures}},
 journal = {{The Computer Journal}},
 year = 2016,
 month = jul,
 volume = 59,
 number = 7,
 pages = {1091-1101},
}

@techreport{Alagic:201901:report,
 doi = {10.6028/NIST.IR.8240},
 author = {Alagic, G. and Alperin-Sheriff, J. and Apon, D. and Cooper, D. and
     Dang, Q. and Miller, C. and Moody, D. and Peralta, R. and Perlner, R. and
     Robinson, A. and Smith-Tone, D. and Liu, Y.},
 title = {{Status Report on the First Round of the NIST Post-Quantum
     Cryptography Standardization Process}},
 year = 2019,
 month = jan,
 type = {Internal Report},
 number = 8240,
 institution = {National Institute of Standards and Technology ({NIST})},
}